<?xml version="1.0" encoding="UTF-8"?><collection xmlns="http://www.loc.gov/MARC21/slim"><record><leader>00440nam--2200157-i-4500</leader><controlfield tag="001">000014885</controlfield><controlfield tag="002">20161230</controlfield><controlfield tag="005">20161230201031</controlfield><controlfield tag="008">060222s1000------------r-----000-0-eng-d</controlfield><datafield ind1=" " ind2=" " tag="040"><subfield code="a">IFIN-HH</subfield></datafield><datafield ind1="1" ind2=" " tag="100"><subfield code="a">Cole, G. H. A</subfield></datafield><datafield ind1="1" ind2="0" tag="245"><subfield code="a">An introduction to the statistical theory of classical simple dense fluids</subfield><subfield code="c">G.H.A. Cole</subfield></datafield><datafield ind1=" " ind2=" " tag="260"><subfield code="a">Oxford, Pergamon Press, 1967</subfield></datafield><datafield ind1=" " ind2=" " tag="300"><subfield code="a">X+284P</subfield></datafield><datafield ind1=" " ind2=" " tag="852"><subfield code="a">75765</subfield><subfield code="c">532</subfield></datafield><datafield ind1=" " ind2=" " tag="CAT"><subfield code="a">Sys</subfield><subfield code="c">20100826</subfield><subfield code="h">152853</subfield></datafield></record></collection>